@inproceedings{Scribe25,
    title = {A Scribe Document Class for LaTeX},
    booktitle = {Proceedings of the 2025 International Conference on LaTeX Document Preparation},
    author = {Federico Bruzzone},
    year = 2025,
}
